@book{ kopka00latex1,
  author = "Helmut Kopka",
  title = "{LATEX, Band 1 -- Einf{\"u}hrung}",
  publisher = "Addison-Wesley",
  address = "München",
  year = {2000},
  edition = {3., überarbeitete Auflage},
  isbn = {3-8273-1557-3}
}

@book { lamport94latex,
  author = "Leslie Lamport",
  title = "{LaTeX: User's Guide and Reference Manual. A Document Preparation System}",
  publisher = "Addison-Wesley Longman",
  address = "Amsterdam",
  year = {1994},
  edition = {2. Auflage},
  isbn = { 078-5342529838}
}

@inproceedings{ungerer2013parmerasa,
  author={Ungerer, Theo and Bradatsch, Christian and Gerdes, Mike and others},
  booktitle={Proceedings of the Euromicro Conference on Digital System Design (DSD)},
  title={parMERASA -- Multi-core Execution of Parallelised Hard Real-Time Applications Supporting Analysability},
  year={2013},
  month={Sept},
  pages={363-370},
  doi={10.1109/DSD.2013.46},
}

@article{ungerer2010merasa,
  author = {Theo Ungerer and Francisco Cazorla and Pascal Sainrat and others},
  title = {MERASA: Multicore Execution of Hard Real-Time Applications Supporting Analyzability},
  journal ={IEEE Micro},
  volume = {30},
  number = {5},
  year = {2010},
  pages = {66--75},
  publisher = {IEEE Computer Society},
  address = {Los Alamitos, CA, USA},
}
